
% Journals

% First the Full Name is given, then the abbreviation used in the AMS Math
% Reviews, with an indication if it could not be found there.
% Note the 2nd overwrites the 1st, so swap them if you want the full name.

 %{AMS}
 @String{AMSTrans = "American Mathematical Society Translations" }
 @String{AMSTrans = "Amer. Math. Soc. Transl." }
 @String{BullAMS = "Bulletin of the American Mathematical Society" }
 @String{BullAMS = "Bull. Amer. Math. Soc." }
 @String{ProcAMS = "Proceedings of the American Mathematical Society" }
 @String{ProcAMS = "Proc. Amer. Math. Soc." }
 @String{TransAMS = "Transactions of the American Mathematical Society" }
 @String{TransAMS = "Trans. Amer. Math. Soc." }

 %ACM
 @String{CACM = "Communications of the {ACM}" }
 @String{CACM = "Commun. {ACM}" }
 @String{CompServ = "Comput. Surveys" }
 @String{JACM = "J. ACM" }
 @String{ACMMathSoft = "{ACM} Transactions on Mathematical Software" }
 @String{ACMMathSoft = "{ACM} Trans. Math. Software" }
 @String{SIGNUM = "{ACM} {SIGNUM} Newsletter" }
 @String{SIGNUM = "{ACM} {SIGNUM} Newslett." }

 @String{AmerSocio = "American Journal of Sociology" }
 @String{AmerStatAssoc = "Journal of the American Statistical Association" }
 @String{AmerStatAssoc = "J. Amer. Statist. Assoc." }
 @String{ApplMathComp = "Applied Mathematics and Computation" }
 @String{ApplMathComp = "Appl. Math. Comput." }
 @String{AmerMathMonthly = "American Mathematical Monthly" }
 @String{AmerMathMonthly = "Amer. Math. Monthly" }
 @String{BIT = "{BIT}" }
 @String{BritStatPsych = "British Journal of Mathematical and Statistical
          Psychology" }
 @String{BritStatPsych = "Brit. J. Math. Statist. Psych." }
 @String{CanMathBull = "Canadian Mathematical Bulletin" }
 @String{CanMathBull = "Canad. Math. Bull." }
 @String{CompApplMath = "Journal of Computational and Applied Mathematics" }
 @String{CompApplMath = "J. Comput. Appl. Math." }
 @String{CompPhys = "Journal of Computational Physics" }
 @String{CompPhys = "J. Comput. Phys." }
 @String{CompStruct = "Computers and Structures" }
 @String{CompStruct = "Comput. \& Structures" }
 @String{CompJour = "The Computer Journal" }
 @String{CompJour = "Comput. J." }
 @String{CompSysSci = "Journal of Computer and System Sciences" }
 @String{CompSysSci = "J. Comput. System Sci." }
 @String{Computing = "Computing" }
 @String{ContempMath = "Contemporary Mathematics" }
 @String{ContempMath = "Contemp. Math." }
 @String{Crelle = "Crelle's Journal" }
 @String{GiornaleMath = "Giornale di Mathematiche" }
 @String{GiornaleMath = "Giorn. Mat." } % didn't find in AMS MR., ibid.

 %IEEE
 @String{Computer = "{IEEE} Computer" }
 @String{IEEETransComp = "{IEEE} Transactions on Computers" }
 @String{IEEETransComp = "{IEEE} Trans. Comput." }
 @String{IEEETransAC = "{IEEE} Transactions on Automatic Control" }
 @String{IEEETransAC = "{IEEE} Trans. Automat. Control" }
 @String{IEEESpec = "{IEEE} Spectrum" } % didn't find in AMS MR
 @String{ProcIEEE = "Proceedings of the {IEEE}" }
 @String{ProcIEEE = "Proc. {IEEE}" } % didn't find in AMS MR
 @String{IEEETransAeroElec = "{IEEE} Transactions on Aerospace and Electronic
     Systems" }
 @String{IEEETransAeroElec = "{IEEE} Trans. Aerospace Electron. Systems" }

 @String{IMANumerAna = "{IMA} Journal of Numerical Analysis" }
 @String{IMANumerAna = "{IMA} J. Numer. Anal." }
 @String{InfProcLet = "Information Processing Letters" }
 @String{InfProcLet = "Inform. Process. Lett." }
 @String{InstMathApp = "Journal of the Institute of Mathematics and
     its Applications" }
 @String{InstMathApp = "J. Inst. Math. Appl." }
 @String{IntControl = "International Journal of Control" }
 @String{IntControl = "Internat. J. Control" }
 @String{IntNumerEng = "International Journal for Numerical Methods in
     Engineering" }
 @String{IntNumerEng = "Internat. J. Numer. Methods Engrg." }
 @String{IntSuper = "International Journal of Supercomputing Applications" }
 @String{IntSuper = "Internat. J. Supercomputing Applic." } % didn't find
%% in AMS MR
 @String{Kibernetika = "Kibernetika" }
 @String{JResNatBurStand = "Journal of Research of the National Bureau
     of Standards" }
 @String{JResNatBurStand = "J. Res. Nat. Bur. Standards" }
 @String{LinAlgApp = "Linear Algebra and its Applications" }
 @String{LinAlgApp = "Linear Algebra Appl." }
 @String{MathAnaAppl = "Journal of Mathematical Analysis and Applications" }
 @String{MathAnaAppl = "J. Math. Anal. Appl." }
 @String{MathAnnalen = "Mathematische Annalen" }
 @String{MathAnnalen = "Math. Ann." }
 @String{MathPhys = "Journal of Mathematical Physics" }
 @String{MathPhys = "J. Math. Phys." }
 @String{MathComp = "Mathematics of Computation" }
 @String{MathComp = "Math. Comp." }
 @String{MathScand = "Mathematica Scandinavica" }
 @String{MathScand = "Math. Scand." }
 @String{TablesAidsComp = "Mathematical Tables and Other Aids to Computation" }
 @String{TablesAidsComp = "Math. Tables Aids Comput." }
 @String{NumerMath = "Numerische Mathematik" }
 @String{NumerMath = "Numer. Math." }
 @String{PacificMath = "Pacific Journal of Mathematics" }
 @String{PacificMath = "Pacific J. Math." }
 @String{ParDistComp = "Journal of Parallel and Distributed Computing" }
 @String{ParDistComp = "J. Parallel and Distrib. Comput." } % didn't find
%% in AMS MR
 @String{ParComputing = "Parallel Computing" }
 @String{ParComputing = "Parallel Comput." }
 @String{PhilMag = "Philosophical Magazine" }
 @String{PhilMag = "Philos. Mag." }
 @String{ProcNAS = "Proceedings of the National Academy of Sciences
                    of the USA" }
 @String{ProcNAS = "Proc. Nat. Acad. Sci. U. S. A." }
 @String{Psychometrika = "Psychometrika" }
 @String{QuartMath = "Quarterly Journal of Mathematics, Oxford, Series (2)" }
 @String{QuartMath = "Quart. J. Math. Oxford Ser. (2)" }
 @String{QuartApplMath = "Quarterly of Applied Mathematics" }
 @String{QuartApplMath = "Quart. Appl. Math." }
 @String{RevueInstStat = "Review of the International Statisical Institute" }
 @String{RevueInstStat = "Rev. Inst. Internat. Statist." }

 %SIAM
 @String{JSIAM = "Journal of the Society for Industrial and Applied
     Mathematics" }
 @String{JSIAM = "J. Soc. Indust. Appl. Math." }
 @String{JSIAMB = "Journal of the Society for Industrial and Applied
     Mathematics, Series B, Numerical Analysis" }
 @String{JSIAMB = "J. Soc. Indust. Appl. Math. Ser. B Numer. Anal." }
 @String{SIAMAlgMeth = "{SIAM} Journal on Algebraic and Discrete Methods" }
 @String{SIAMAlgMeth = "{SIAM} J. Algebraic Discrete Methods" }
 @String{SIAMAppMath = "{SIAM} Journal on Applied Mathematics" }
 @String{SIAMAppMath = "{SIAM} J. Appl. Math." }
 @String{SIAMComp = "{SIAM} Journal on Computing" }
 @String{SIAMComp = "{SIAM} J. Comput." }
 @String{SIAMMatrix = "{SIAM} Journal on Matrix Analysis and Applications" }
 @String{SIAMMatrix = "{SIAM} J. Matrix Anal. Appl." }
 @String{SIAMNumAnal = "{SIAM} Journal on Numerical Analysis" }
 @String{SIAMNumAnal = "{SIAM} J. Numer. Anal." }
 @String{SIAMReview = "{SIAM} Review" }
 @String{SIAMReview = "{SIAM} Rev." }
 @String{SIAMSciStat = "{SIAM} Journal on Scientific and Statistical
     Computing" }
 @String{SIAMSciStat = "{SIAM} J. Sci. Statist. Comput." }

 @String{SoftPracExp = "Software Practice and Experience" }
 @String{SoftPracExp = "Software Prac. Experience" } % didn't find in AMS MR
 @String{StatScience = "Statistical Science" }
 @String{StatScience = "Statist. Sci." }
 @String{Techno = "Technometrics" }
 @String{USSRCompMathPhys = "{USSR} Computational Mathematics and Mathematical
     Physics" }
 @String{USSRCompMathPhys = "{U. S. S. R.} Comput. Math. and Math. Phys." }
 @String{VLSICompSys = "Journal of {VLSI} and Computer Systems" }
 @String{VLSICompSys = "J. {VLSI} Comput. Syst." }
 @String{ZAngewMathMech = "Zeitschrift fur Angewandte Mathematik und
     Mechanik" }
 @String{ZAngewMathMech = "Z. Angew. Math. Mech." }
 @String{ZAngewMathPhys = "Zeitschrift fur Angewandte Mathematik und Physik" }
 @String{ZAngewMathPhys = "Z. Angew. Math. Phys." }

% Publishers % ================================================= |

 @String{Academic = "Academic Press" }
 @String{ACMPress = "{ACM} Press" }
 @String{AdamHilger = "Adam Hilger" }
 @String{AddisonWesley = "Addison-Wesley" }
 @String{AllynBacon = "Allyn and Bacon" }
 @String{AMS = "American Mathematical Society" }
 @String{Birkhauser = "Birkha{\"u}ser" }
 @String{CambridgePress = "Cambridge University Press" }
 @String{Chelsea = "Chelsea" }
 @String{ClaredonPress = "Claredon Press" }
 @String{DoverPub = "Dover Publications" }
 @String{Eyolles = "Eyolles" }
 @String{HoltRinehartWinston = "Holt, Rinehart and Winston" }
 @String{Interscience = "Interscience" }
 @String{JohnsHopkinsPress = "The Johns Hopkins University Press" }
 @String{JohnWileySons = "John Wiley and Sons" }
 @String{Macmillan = "Macmillan" }
 @String{MathWorks = "The Math Works Inc." }
 @String{McGrawHill = "McGraw-Hill" }
 @String{NatBurStd = "National Bureau of Standards" }
 @String{NorthHolland = "North-Holland" }
 @String{OxfordPress = "Oxford University Press" }  %address Oxford or London?
 @String{PergamonPress = "Pergamon Press" }
 @String{PlenumPress = "Plenum Press" }
 @String{PrenticeHall = "Prentice-Hall" }
 @String{SIAMPub = "{SIAM} Publications" }
 @String{Springer = "Springer-Verlag" }
 @String{TexasPress = "University of Texas Press" }
 @String{VanNostrand = "Van Nostrand" }
 @String{WHFreeman = "W. H. Freeman and Co." }

%Entries

@article{ref1,
  title={Reachability and distance queries via 2-hop labels},
  author={Cohen, Edith and Halperin, Eran and Kaplan, Haim and Zwick, Uri},
  journal={SIAM Journal on Computing},
  volume={32},
  number={5},
  pages={1338--1355},
  year={2003},
  publisher={SIAM}
}

@inproceedings{ref2,
  title={Query-by-sketch: Scaling shortest path graph queries on very large networks},
  author={Wang, Ye and Wang, Qing and Koehler, Henning and Lin, Yu},
  booktitle={Proceedings of the 2021 International Conference on Management of Data},
  pages={1946--1958},
  year={2021}
}

@inproceedings{ref3,
  title={Efficient top-k ego-betweenness search},
  author={Zhang, Qi and Li, Rong-Hua and Pan, Minjia and Dai, Yongheng and Wang, Guoren and Yuan, Ye},
  booktitle={2022 IEEE 38th International Conference on Data Engineering (ICDE)},
  pages={380--392},
  year={2022},
  organization={IEEE}
}

@inproceedings{ref4,
  title={Scaling up distance labeling on graphs with core-periphery properties},
  author={Li, Wentao and Qiao, Miao and Qin, Lu and Zhang, Ying and Chang, Lijun and Lin, Xuemin},
  booktitle={Proceedings of the 2020 ACM SIGMOD International Conference on Management of Data},
  pages={1367--1381},
  year={2020}
}

@article{ref5,
  title={Efficient shortest path index maintenance on dynamic road networks with theoretical guarantees},
  author={Ouyang, Dian and Yuan, Long and Qin, Lu and Chang, Lijun and Zhang, Ying and Lin, Xuemin},
  journal={Proceedings of the VLDB Endowment},
  volume={13},
  number={5},
  pages={602--615},
  year={2020},
  publisher={VLDB Endowment}
}

@inproceedings{ref6,
  title={Efficient top-k shortest-path distance queries on large networks by pruned landmark labeling},
  author={Akiba, Takuya and Hayashi, Takanori and Nori, Nozomi and Iwata, Yoichi and Yoshida, Yuichi},
  booktitle={Proceedings of the AAAI Conference on Artificial Intelligence},
  volume={29},
  number={1},
  year={2015}
}

@article{ref7,
  title={A highly scalable labelling approach for exact distance queries in complex networks},
  author={Farhan, Muhammad and Wang, Qing and Lin, Yu and Mckay, Brendan},
  journal={arXiv preprint arXiv:1812.02363},
  year={2018}
}

@article{ref8,
  title={Answering reachability queries with ordered label constraints over labeled graphs},
  author={He, Daoliang and Yuan, Pingpeng and Jin, Hai},
  journal={Frontiers of Computer Science},
  volume={18},
  number={1},
  pages={181601},
  year={2024},
  publisher={Springer}
}

@article{ref9,
  title={Shortest-path queries on complex networks: experiments, analyses, and improvement},
  author={Zhang, Junhua and Li, Wentao and Yuan, Long and Qin, Lu and Zhang, Ying and Chang, Lijun},
  journal={Proceedings of the VLDB Endowment},
  volume={15},
  number={11},
  pages={2640--2652},
  year={2022},
  publisher={VLDB Endowment}
}

@inproceedings{ref10,
  title={Fast shortest-path distance queries on road networks by pruned highway labeling},
  author={Akiba, Takuya and Iwata, Yoichi and Kawarabayashi, Ken-ichi and Kawata, Yuki},
  booktitle={2014 Proceedings of the sixteenth workshop on algorithm engineering and experiments (ALENEX)},
  pages={147--154},
  year={2014},
  organization={SIAM}
}

@inproceedings{ref11,
  title={When hierarchy meets 2-hop-labeling: Efficient shortest distance queries on road networks},
  author={Ouyang, Dian and Qin, Lu and Chang, Lijun and Lin, Xuemin and Zhang, Ying and Zhu, Qing},
  booktitle={Proceedings of the 2018 International Conference on Management of Data},
  pages={709--724},
  year={2018}
}

@inproceedings{ref12,
  title={Batchhl: Answering distance queries on batch-dynamic networks at scale},
  author={Farhan, Muhammad and Wang, Qing and Koehler, Henning},
  booktitle={Proceedings of the 2022 International Conference on Management of Data},
  pages={2020--2033},
  year={2022}
}

@inproceedings{ref13,
  title={Workload-aware shortest path distance querying in road networks},
  author={Zheng, Bolong and Wan, Jingyi and Gao, Yongyong and Ma, Yong and Huang, Kai and Zhou, Xiaofang and Jensen, Christian S},
  booktitle={2022 IEEE 38th International Conference on Data Engineering (ICDE)},
  pages={2372--2384},
  year={2022},
  organization={IEEE}
}

@misc{ref14,
  author       = {{Stanford Network Analysis Project}},
  title        = {Stanford Large Network Dataset Collection},
  year         = 2024,
  url          = {https://snap.stanford.edu/data/index.html},
  note         = {Accessed: 2024-04-09}
}


@inproceedings{ref15,
  title={Hierarchical hub labelings for shortest paths},
  author={Abraham, Ittai and Delling, Daniel and Goldberg, Andrew V and Werneck, Renato F},
  booktitle={European Symposium on Algorithms},
  pages={24--35},
  year={2012},
  organization={Springer}
}

@inproceedings{ref16,
  title={A hub-based labeling algorithm for shortest paths in road networks},
  author={Abraham, Ittai and Delling, Daniel and Goldberg, Andrew V and Werneck, Renato F},
  booktitle={Experimental Algorithms: 10th International Symposium, SEA 2011, Kolimpari, Chania, Crete, Greece, May 5-7, 2011. Proceedings 10},
  pages={230--241},
  year={2011},
  organization={Springer}
}

@misc{ref17,
  author       = {Wikipedia},
  title        = {Clustering Coefficient},
  year         = 2024,
  url          = {https://en.wikipedia.org/wiki/Clustering_coefficient},
  note         = {Accessed: 2024-04-09}
}

@article{ref18,
  title={An efficient index-based approach to distributed set reachability on small-world graphs},
  author={Zeng, Yuanyuan and Li, Kenli and Zhou, Xu and Luo, Wensheng and Gao, Yunjun},
  journal={IEEE Transactions on Parallel and Distributed Systems},
  volume={33},
  number={10},
  pages={2358--2371},
  year={2021},
  publisher={IEEE}
}

